@software{seltenreich_sqlsmith_2022,
  title    = {{SQLsmith}},
  rights   = {{GPL}-3.0},
  url      = {https://github.com/anse1/sqlsmith},
  abstract = {A random {SQL} query generator},
  author   = {Seltenreich, Andreas},
  urldate  = {2022-08-30},
  date     = {2022-08-29},
  note     = {original-date: 2015-06-01T10:41:29Z},
  keywords = {fuzz-testing, monetdb, postgresql, sqlite3}
}

@software{grove_sql_2022,
  title    = {{SQL} Fuzz Testing Utilities},
  rights   = {Apache-2.0},
  url      = {https://github.com/andygrove/sqlfuzz},
  abstract = {{SQL} Fuzz Testing Utilities},
  author   = {Grove, Andy},
  urldate  = {2022-08-30},
  date     = {2022-08-20},
  note     = {original-date: 2022-07-09T17:08:01Z}
}


@inproceedings{Zhong_SQUIRREL,
author = {Zhong, Rui and Chen, Yongheng and Hu, Hong and Zhang, Hangfan and Lee, Wenke and Wu, Dinghao},
year = {2020},
month = {10},
pages = {955-970},
title = {SQUIRREL: Testing Database Management Systems with Language Validity and Coverage Feedback},
doi = {10.1145/3372297.3417260}
}


@article{fan2020relational,
  title={Relational data synthesis using generative adversarial networks: A design space exploration},
  author={Fan, Ju and Liu, Tongyu and Li, Guoliang and Chen, Junyou and Shen, Yuwei and Du, Xiaoyong},
  journal={arXiv preprint arXiv:2008.12763},
  year={2020}
}

@article{li2018bounded,
  title={Bounded approximate query processing},
  author={Li, Kaiyu and Zhang, Yong and Li, Guoliang and Tao, Wenbo and Yan, Ying},
  journal={IEEE Transactions on Knowledge and Data Engineering},
  volume={31},
  number={12},
  pages={2262--2276},
  year={2018},
  publisher={IEEE},
  doi     = {10.1109/TKDE.2018.2877362}
}

@online{noauthor_sqlsmith_0000,
	title = {{SQLsmith}: Randomized {SQL} Testing in {CockroachDB}},
	url = {https://www.cockroachlabs.com/blog/sqlsmith-randomized-sql-testing/},
	shorttitle = {{SQLsmith}},
	abstract = {Randomized testing is a way for programmers to automate the discovery of interesting test cases that would be difficult or overly time consuming to come up wit},
	titleaddon = {Cockroach Labs},
	urldate = {2022-08-31},
	date = {0000},
	langid = {english},
	note = {Section: testing},
	file = {Snapshot:C\:\\Users\\SKababji\\Zotero\\storage\\MK586TZX\\sqlsmith-randomized-sql-testing.html:text/html},
}

@inproceedings{zhong2020squirrel,
  title={Squirrel: Testing database management systems with language validity and coverage feedback},
  author={Zhong, Rui and Chen, Yongheng and Hu, Hong and Zhang, Hangfan and Lee, Wenke and Wu, Dinghao},
  booktitle={Proceedings of the 2020 ACM SIGSAC Conference on Computer and Communications Security},
  pages={955--970},
  year={2020}
}

@misc{wong2022american,
  title={American fuzzy lop (AFL) fuzzer},
  author={Wong, Cerdic Wei Kit},
  year={2022},
  publisher={Nanyang Technological University}
}



@inproceedings{ghit_sparkfuzz_2020,
author = {Ghit, Bogdan and Poggi, Nicolas and Rosen, Josh and Xin, Reynold and Boncz, Peter},
title = {SparkFuzz: Searching Correctness Regressions in Modern Query Engines},
year = {2020},
isbn = {9781450380010},
publisher = {Association for Computing Machinery},
address = {New York, NY, USA},
url = {https://doi.org/10.1145/3395032.3395327},
doi = {10.1145/3395032.3395327},
booktitle = {Proceedings of the Workshop on Testing Database Systems},
articleno = {1},
numpages = {6},
location = {Portland, Oregon},
series = {DBTest '20}
}



@misc{rigger_testing_2020,
	title = {Testing Database Engines via Pivoted Query Synthesis},
	url = {http://arxiv.org/abs/2001.04174},
	number = {{arXiv}:2001.04174},
	publisher = {{arXiv}},
	author = {Rigger, Manuel and Su, Zhendong},
	urldate = {2022-08-31},
	date = {2020-01-13},
	eprinttype = {arxiv},
	eprint = {2001.04174 [cs]},
	keywords = {Computer Science - Databases, Computer Science - Software Engineering},
	file = {arXiv Fulltext PDF:C\:\\Users\\SKababji\\Zotero\\storage\\VSM77LLU\\Rigger and Su - 2020 - Testing Database Engines via Pivoted Query Synthes.pdf:application/pdf;arXiv.org Snapshot:C\:\\Users\\SKababji\\Zotero\\storage\\N8DXTH93\\2001.html:text/html},
}

